<record xmlns="http://www.loc.gov/MARC21/slim" xmlns:xsi="http://www.w3.org/2001/XMLSchema-instance" xsi:schemaLocation="http://www.loc.gov/MARC21/slim http://www.loc.gov/standards/marcxml/schema/MARC21slim.xsd"><leader>01383cz   2200301n  4500</leader><controlfield tag="001">oca01136290 </controlfield><controlfield tag="003">OCoLC</controlfield><controlfield tag="005">20051027051948.0</controlfield><controlfield tag="008">840709n| acannaab           |a aaa      </controlfield><datafield ind1=" " ind2=" " tag="010"><subfield code="a">n  84058406 </subfield></datafield><datafield ind1=" " ind2=" " tag="035"><subfield code="a">(Uk)001207324</subfield></datafield><datafield ind1=" " ind2=" " tag="040"><subfield code="a">DLC</subfield><subfield code="c">DLC</subfield><subfield code="d">DLC</subfield><subfield code="d">Uk</subfield></datafield><datafield ind1="0" ind2=" " tag="100"><subfield code="a">Quintus,</subfield><subfield code="c">Smyrnaeus,</subfield><subfield code="d">4th cent.</subfield></datafield><datafield ind1="1" ind2=" " tag="400"><subfield code="a">Smyrnaeus, Quintus,</subfield><subfield code="d">4th cent.</subfield></datafield><datafield ind1="0" ind2=" " tag="400"><subfield code="a">Kointos,</subfield><subfield code="c">ho Smyrnaios,</subfield><subfield code="d">4th cent.</subfield></datafield><datafield ind1="0" ind2=" " tag="400"><subfield code="a">Quintus,</subfield><subfield code="c">von Smyrna,</subfield><subfield code="d">4th cent.</subfield></datafield><datafield ind1="0" ind2=" " tag="400"><subfield code="a">Quintus,</subfield><subfield code="c">de Smyrne,</subfield><subfield code="d">4th cent.</subfield></datafield><datafield ind1="0" ind2=" " tag="400"><subfield code="a">Quintus,</subfield><subfield code="c">Calaber,</subfield><subfield code="d">4th cent.</subfield></datafield><datafield ind1="1" ind2=" " tag="400"><subfield code="a">Calaber, Quintus,</subfield><subfield code="d">4th cent.</subfield></datafield><datafield ind1="0" ind2=" " tag="400"><subfield code="a">Quinto,</subfield><subfield code="c">de Esmirna,</subfield><subfield code="d">4th cent.</subfield></datafield><datafield ind1=" " ind2=" " tag="670"><subfield code="a">Index in Quintum Smyrnaeum, 1981:</subfield><subfield code="b">t.p. (Quintum Smyrnaeum)</subfield></datafield><datafield ind1=" " ind2=" " tag="670"><subfield code="a">Oxford Class. dict.</subfield><subfield code="b">(Quintus Smyrnaeus, 4th cent. A.D., epic poet, author of a Greek poem)</subfield></datafield><datafield ind1=" " ind2=" " tag="670"><subfield code="a">Papyros-Larous.</subfield><subfield code="b">(Kointos ho Smyrnaios, 4th cent. epic poet)</subfield></datafield><datafield ind1=" " ind2=" " tag="670"><subfield code="a">Kleine Pauly</subfield><subfield code="b">(Quintus von Smyrna)</subfield></datafield><datafield ind1=" " ind2=" " tag="670"><subfield code="a">Vian, F. Lexique de Quintus de Smyrne, 1984:</subfield><subfield code="b">t.p. (Quintus de Smyrne)</subfield></datafield><datafield ind1=" " ind2=" " tag="670"><subfield code="a">His Quinti Calabri Derelictorum ab Homero libri quatuordecim, 1541:</subfield><subfield code="b">t.p. (Quinti Calabri ...)</subfield></datafield><datafield ind1=" " ind2=" " tag="670"><subfield code="a">LC PA class. schedule</subfield><subfield code="b">(Quintus Smyrnaeus; his date is not ascertainable; formerly surnamed "Calaber," because the only known ms. of his work was found in Calabria)</subfield></datafield><datafield ind1=" " ind2=" " tag="670"><subfield code="a">Posthoméricas, c2004:</subfield><subfield code="b">t.p. (Quinto de Esmirna)</subfield></datafield></record>